@book{pat,
  author    = {Patrick Reynaert and Michiel Steyaert}, 
  title     = {RF Power Amplifiers For Mobile Communications},
  publisher = {Springer},
  year      = 2006,
  address   = {Netherlands},
  isbn      = {1-4020-5116-6}
}

@book{cripps,
  author    = {Steve C. Cripps}, 
  title     = {RF Power Amplifiers for Wireless Communications},
  publisher = {Artech House},
  year      = 1999,
  address   = {685 Canton Street},
  isbn      = {1-59693-018-7}
}

@book{z,
  author    = {Shahin Farahani}, 
  title     = {ZigBee Wireless Networks and Transceivers},
  publisher = {Newnes},
  year      = 2008,
  address   = {Corporate Drive, Suite 400, Burlington},
  isbn      = {978-0-7506-8393-7}
}

@book{lte,
  author    = {Stefania Sesia}, 
  title     = {LTE â€“ The UMTS Long Term Evolution},
  publisher = {Wiley},
  year      = 2011,
  address   = {The Atrium, Southern Gate, Chichester, West Sussex},
  isbn      = {9780470660256}
}